@book{atalholivro,
  author        = {Autor do Livro},
  title         = {Nome do livro},
  subtitle      = {Subtítulo},
  edition       = {edição},
  address       = {Endereço},
  publisher     = {Editora},
  year          = {ano},
  volume        = {volume},
  series        = {serie},
  month         = {mês},
  note          = {Anotação},
  isbn          = {ISBN}
}

@online{atalhoonline,
  author        = {Autor Online},
  title         = {Título Online},
  year          = {ANO},
  month         = {MÊS},
  url           = {https://www.exemplo.com/algumacoisa},
  urlaccessdate = {03/03/2017}
}
